@techreport{YAML2009,
  added-at = {2011-02-07T17:06:48.000+0100},
  author = {Ben-Kiki, Oren and Evans, Clark and Ingerson, Brian},
  biburl = {https://www.bibsonomy.org/bibtex/20b5235b9290624990cb61354f47c1ffd/voj},
  institution = {YAML.org},
  interhash = {d90ac6e7cf9c639bfa71929cd4928a54},
  intrahash = {0b5235b9290624990cb61354f47c1ffd},
  keywords = {dsl yaml},
  month = {9},
  timestamp = {2011-02-07T17:06:48.000+0100},
  title = {{YAML} Ain't Markup Language ({YAML}) (tm) Version 1.2},
  url = {http://www.yaml.org/spec/1.2/spec.html},
  year = 2009
}

@article{repast,
author = {North, Michael and Collier, Nicholson and Ozik, J. and Tatara, Eric and Macal, C. and Bragen, M. and Sydelko, Pamela},
year = {2013},
month = {10},
pages = {},
title = {Complex Adaptive Systems Modeling with Repast Simphony},
volume = {1},
journal = {Complex Adaptive Systems Modeling},
doi = {10.1186/2194-3206-1-3}
}

@misc{kumbhar2019coreneuron,
      title={CoreNEURON : An Optimized Compute Engine for the NEURON Simulator}, 
      author={Pramod Kumbhar and Michael Hines and Jeremy Fouriaux and Aleksandr Ovcharenko and James King and Fabien Delalondre and Felix Schürmann},
      year={2019},
      eprint={1901.10975},
      archivePrefix={arXiv},
      primaryClass={q-bio.NC}
}

 
 @INPROCEEDINGS{netlogo,
  author={Babiš, Miroslav and Magula, Peter},
  booktitle={2012 5th Joint IFIP Wireless and Mobile Networking Conference (WMNC)}, 
  title={NetLogo — An alternative way of simulating mobile ad hoc networks}, 
  year={2012},
  volume={},
  number={},
  pages={122-125},
  doi={10.1109/WMNC.2012.6416163}
  }
  